%======================================================================================
%======================================================================================
%================== Modified Date: 2010.03.15 =========================================
%==================                2010.05.27 =========================================
%==================                2010.10.21 =========================================
%==================                2010.12.22 =========================================
%==================                2011.03.21 =========================================
%==================                2012.05.18 =========================================
%==================                2012.09.24 =========================================
%======================================================================================
%======================================================================================

%======================================================================================
%======================================================================================
%================== Contents: Articles: Smale17thProblem             ==================
%==================                     NewtonMethod                 ==================
%==================                     NewtonMethod_Manifolds       ==================
%==================                     InexactNewtonMethod          ==================
%==================                     GaussNewtonMethod            ==================
%==================                     HalleyChebyshevMethod        ==================
%==================                     InverseEigenvalueProblems    ==================
%==================                     LinearSystemsSolving         ==================
%==================                     MatrixPthRoot                ==================
%==================                     Others                       ==================
%==================                     Unclassified                 ==================
%==================           Books      ==============================================
%==================           Conference ==============================================
%==================           Thesis     ==============================================
%======================================================================================
%======================================================================================




%======================================================================================
%========================= Articles ===================================================
%======================================================================================


%=================== Smale17thProblem =================================================

@article{BeltranPardo2007a,
    author={C. Beltr\'{a}n and L. M. Pardo},
    title={Estimates on the Probability Distribution of Condition Number of Singular
        Matrices},
    journal={Fund. Comput. Math.},
    volume={7},
    number={1},
    pages={87-134},
    year={2007},
    }
@article{BeltranPardo2007b,
    author={C. Beltr\'{a}n and L. M. Pardo},
    title={On the Probability Distribution of Condition Numbers of Complete
        Intersection Varieties and Average Radius of Convergence of {Newton's} Method
        in the Underdetermined Case},
    journal={Math. Comput.},
    volume={76},
    number={},
    pages={1393-1424},
    year={2007},
    }
@article{BeltranPardo2007c,
    author={C. Beltr\'{a}n and L. M. Pardo},
    title={On the Probability Distribution of Singular Varieties of Given Corank},
    journal={J. Symbolic Comput.},
    volume={42},
    number={1-2},
    pages={4-29},
    year={2007},
    }
@article{BeltranPardo2008,
    author={C. Beltr\'{a}n and L. M. Pardo},
    title={On {Smale}'s 17th Problem: A Probabilistic Positive Answer},
    journal={Fund. Comput. Math.},
    volume={8},
    number={1},
    pages={1-43},
    year={2008},
    }
@article{BeltranShub2009,
    author={C. Beltr\'{a}n and M. Shub},
    title={Complexity of {B\'{e}zout's} Theorem VII: Distance Estimates in the Condition
        Metric},
    journal={Fund. Comput. Math.},
    volume={9},
    number={2},
    pages={179-195},
    year={2009},
    }
@article{BeltranPardo2009a,
    author={C. Beltr\'{a}n and L. M. Pardo},
    title={Efficient Polynomial System-Solving by Numerical Methods},
    journal={J. Fixed Point Theory Appl.},
    volume={6},
    number={1},
    pages={63-85},
    year={2009},
    }
@article{BeltranPardo2009b,
    author={C. Beltr\'{a}n and L. M. Pardo},
    title={On {Smale}'s 17th Problem: Average Polynomial Time to Compute Affine and
        Projective Solutions},
    journal={J. Amer. Math. Soc.},
    volume={22},
    number={},
    pages={363-385},
    year={2009},
    }
@article{BeltranShub2010,
    author={C. Beltr\'{a}n and M. Shub},
    title={A Note on the Finite Variance of the Averaging Function for Polynomial
        Equation Solving},
    journal={Fund. Comput. Math.},
    volume={10},
    number={1},
    pages={115-125},
    year={2010},
    }
@article{BeltranPardo2011a,
    author={C. Beltr\'{a}n and L. M. Pardo},
    title={Fast Linear Homotopy to Find Approximate Zeros of Polynomial Systems},
    journal={Fund. Comput. Math.},
    volume={11},
    number={1},
    pages={95-129},
    year={2011},/
    %note={(to appear), DOI: 10.1007/s10208-010-9078-9},
    }
@article{BeltranLeykin2011a,
    author={C. Beltr\'{a}n and A. Leykin},
    title={Certified Numerical Homotopy Tracking},
    journal={},
    volume={},
    number={},
    pages={},
    year={2011},
    note={(to appear), arXiv:0912.0920v2},
    }
@article{Beltran2011a,
    author={C. Beltr\'{a}n},
    title={A Continuation Method to Solve Polynomial Systems, and its Complexity},
    journal={Numer. Math.},
    volume={117},
    number={1},
    pages={89-113},
    year={2011},
    %note={(to appear), DOI: 10.1007/s00211-010-0334-3},
    }
@article{Beltran2011b,
    author={C. Beltr\'{a}n},
    title={Estimates on the Condition Number of Random Rank-deficient Matrices},
    journal={IMA J. Numer. Anal.},
    volume={31},
    number={1},
    pages={25-39},
    year={2011},
    %note={(to appear), doi:10.1093/imanum/drp035},
    }
@article{BorgesPardo2008,
    author={C. E. Borges and L. M. Pardo},
    title={On the Probability Distribution of Data at Point in Real
        Complete Intersection Varieties},
    journal={J. Complexity},
    volume={24},
    number={4},
    pages={492-523},
    year={2008},
    }
@article{Buergisser2008,
    author={P. B\ddot{u}ergisser},
    title={Smoothed analysis of condition numbers},
    journal={},
    volume={},
    number={},
    pages={},
    year={2008},
    }
@article{Buergisser2010,
    author={P. B\ddot{u}ergisser and F. Cucker},
    title={On a Problem Posed by {Steve Smale}},
    journal={},
    volume={},
    number={},
    pages={},
    year={2010},
    note={(to appear), arXiv:0909.2114v5},
    }
@article{Castro2003,
    author={D. Castro and M. Giusti and J. Heintz and G. Matera and L. M. Pardo},
    title={The Hardness of Polynomial Equation Solving},
    journal={Found. Comput. Math.},
    volume={3},
    number={4},
    pages={347-420},
    year={2003},
    }
@article{Chen1994,
    author={P. Chen},
    title={Approximate Zeros of Quadratically Convergent Algorithms},
    journal={Math. Comput.},
    volume={63},
    number={207},
    pages={247-270},
    year={1994},
    }
@article{Cucker2010,
    author={F. Cucker and T. Krick and G. Malajovich and M. Wschebor},
    title={A Numerical Algorithm for Zero Counting III: Randomization and Condition},
    journal={},
    volume={},
    number={},
    pages={},
    year={2010},
    note={(to appear), arXiv:1007.1597v1}
    }
@article{Giusti2005,
    author={M. Giusti and G. Lecerf and B. Salvy and J.-C. Yakoubsohn},
    title={On Location and Approximation of Clusters of Zeros of Analytic Functions},
    journal={Found. Comput. Math.},
    volume={5},
    number={3},
    pages={257-311},
    year={2005},
    }
@article{Giusti2007,
    author={M. Giusti and G. Lecerf and B. Salvy and J.-C. Yakoubsohn},
    title={On Location and Approximation of Clusters of Zeros: Case of Embedding
        Dimension One},
    journal={Found. Comput. Math.},
    volume={7},
    number={1},
    pages={1-58},
    year={2007},
    }
@article{Kim1988,
    author={M.-H. Kim},
    title={On Approximate Zeros and Rootfinding Algorithms for a Complex Polynomial},
    journal={Math. Comput.},
    volume={51},
    number={},
    pages={707-719},
    year={1988},
    }
@article{Kim2009,
    author={M.-H. Kim and M. Martens and S. Sutherland},
    title={A Universal Bound for the Average Cost of Root Finding},
    journal={},
    volume={},
    number={},
    pages={},
    year={2009},
    note={(to appear), arXiv:0903.3674v1}
    }
@article{Lecerf2002,
    author={G. Lecerf},
    title={Quadratic {Newton} Iteration for Systems with Multiplicity},
    journal={Found. Comput. Math.},
    volume={2},
    number={3},
    pages={247-293},
    year={2002},
    }
@article{Malajovich2004,
    author={G. Malajovich and J. M. Rojas},
    title={High Probability Analysis of the Condition Number of Sparse Polynomial
        Systems},
    journal={Theor. Comput. Sci.},
    volume={315},
    number={2-3},
    pages={525-555},
    year={2004},
    }
@article{Mclennan2002,
    author={A. Mclennan},
    title={The Expected Number of Real Roots of a Multihomogeneous System of
        Polynomial Equations},
    journal={Amer. J. Math.},
    volume={124},
    number={1},
    pages={49-73},
    year={2002},
    }
@article{Pan1996,
    author={V. Y. Pan},
    title={Optimal and Nearly Optimal Algorithms for Approximating Polynomial Zeros},
    journal={Comput. Math. Appl.},
    volume={31},
    number={12},
    pages={97-138},
    year={1996},
    }
@article{Pan1997,
    author={V. Y. Pan},
    title={Solving a Polynomial Equation: Some History and Recent Progress},
    journal={SIAM Rev.},
    volume={39},
    number={2},
    pages={187-220},
    year={1997},
    }
@article{RenegarShub1992,
    author={J. Renegar and M. Shub},
    title={Unified Complexity Analysis for {Newton} {LP} Method},
    journal={Math. Programming},
    volume={53},
    number={1},
    pages={1-16},
    year={1992},
    }
@article{ShubSmale1993a,
    author={M. Shub and S. Smale},
    title={Complexity of {B\'{e}zout's} Theorem I: Geometric Aspects},
    journal={J. Amer. Math. Soc.},
    volume={6},
    number={2},
    pages={459-501},
    year={1993},
    }
@article{ShubSmale1993c,
    author={M. Shub and S. Smale},
    title={Complexity of {B\'{e}zout's} Theorem III: Condition Number and Packing},
    journal={J. Complexity},
    volume={9},
    number={1},
    pages={4-14},
    year={1993},
    }
@article{ShubSmale1996,
    author={M. Shub and S. Smale},
    title={Complexity of {B\'{e}zout's} Theorem IV: Probability of Success, Extensions},
    journal={SIAM J. Numer. Anal.},
    volume={33},
    number={},
    pages={128-148},
    year={1996},
    }
@article{ShubSmale1994,
    author={M. Shub and S. Smale},
    title={Complexity of {B\'{e}zout's} Theorem V: Polynomial Time, Theoretical
        Computer Science},
    journal={Theor. Comput. Sci.},
    volume={133},
    number={1},
    pages={141-164},
    year={1994},
    }
@article{Shub2009,
    author={M. Shub},
    title={Complexity of {B\'{e}zout's} Theorem VI: Geodesics in the Condition
        (Number) Metric},
    journal={Fund. Comput. Math.},
    volume={9},
    number={2},
    pages={171-178},
    year={2009},
    }
@article{Smale1981,
    author={S. Smale},
    title={The Fundamental Theorem of Algebra and Complexity Theory},
    journal={Bull. Amer. Math. Soc.},
    volume={4},
    number={1},
    pages={1-36},
    year={1981},
    }
@article{Smale1997,
    author={S. Smale},
    title={Complexity Theory and Numerical Analysis},
    journal={Acta Numer.},
    volume={6},
    number={},
    pages={523-552},
    year={1997},
    }
@article{Ye1994,
    author={Y. Ye},
    title={Combining Binary Search and {Newton's} Method to Compute Real Roots for a Class of Real Functions},
    journal={J. Complexity},
    volume={10},
    number={},
    pages={271-280},
    year={1994},
    }



%=================== NewtonMethod =====================================================

@article{Argyros1998,
    author={I. K. Argyros},
    title={On a New {Newton-Mysovskii}-Type Theorem with Applications to Inexact
        {Newton}-Like Methods and Their Discretizations},
    journal={IMA J. Numer. Anal.},
    volume={18},
    number={1},
    pages={37-56},
    year={1998},
    }
@article{BieglerKonig1981,
    author={F. W. Biegler-K\ddot{o}nig},
    title={A {Newton} Iteration Process for Inverse Eigenvalue Problems},
    journal={Numer. Math.},
    volume={37},
    number={3},
    pages={349-354},
    year={1981},
    }
@article{Broyden1965,
    author={C. G. Broyden},
    title={A class of methods for solving nonlinear simultaneous equations},
    journal={Math. Comput.},
    volume={19},
    number={},
    pages={577-583},
    year={1965},
    }
@article{ColemanXu2008,
    author={T. F. Coleman and W. Xu},
    title={Fast (Structured) {Newton} Computations},
    journal={SIAM J. Sci. Comput.},
    volume={31},
    number={2},
    pages={1175-1191},
    year={2008},
    }
@article{DedieuShub2000,
    author={J. P. Dedieu and M. Shub},
    title={Multihomogeneous {Newton} Methods},
    journal={Math. Comput.},
    volume={69},
    number={231},
    pages={1071-1098},
    year={2000},
    }
@article{Dennis1969,
    author={J. E. Dennis},
    title={On the {Kantorovich} Hypothesis for {Newton's} Method},
    journal={SIAM J. Numer. Anal.},
    volume={6},
    number={3},
    pages={493-507},
    year={1969},
    }
@article{Deuflhard1979,
    author={P. Deuflhard and G. Heindl},
    title={Affine Invariant Convergence Theorems for {Newton's} Method and Extensions
        to Related Methods},
    journal={SIAM J. Numer. Anal.},
    volume={16},
    number={1},
    pages={1-10},
    year={1979},
    }
@article{Deuflhard1992,
    author={P. Deuflhard and F. A. Potra},
    title={Asymptotic Mesh Independence of {Newton-Galerkin} Methods via a Refined
        {Mysovskii} Theorem},
    journal={SIAM J. Numer. Anal.},
    volume={29},
    number={5},
    pages={1395-1412},
    year={1992},
    }
@article{Ezquerro2002,
    author={J. A. Ezquerro and M. A. Hern\'{a}ndez},
    title={Generalized Differentiability Conditions for {Newton's} Method},
    journal={IMA J. Numer. Anal.},
    volume={22},
    number={4},
    pages={519-530},
    year={2002},
    }
@article{Ferreira2009a,
    author={O. P. Ferreira and B. F. Svaiter},
    title={{Kantorovich}'s Majorants Principle for {Newton's} Method},
    journal={Comput. Optim. Appl.},
    volume={42},
    number={2},
    pages={213-229},
    year={2009},
    }
@article{Ferreira2009b,
    author={O. P. Ferreira},
    title={Local Convergence of {Newton's} Method in {Banach} Space from the Viewpoint
        of the Majorant Principle},
    journal={IMA J. Numer. Anal.},
    volume={29},
    number={3},
    pages={746-759},
    year={2009},
    %note={doi:10.1093/imanum/drn036},
    }
@article{Ferreira2011a,
    author={O. P. Ferreira},
    title={Local Convergence of {Newton's} Method under Majorant Condition},
    journal={J. Comput. Appl. Math.},
    volume={235},
    number={5},
    pages={1515-1522},
    year={2011},
    }
@article{GraggTapia1974,
    author={W. B. Gragg and R. A. Tapia},
    title={Optimal Error Bounds for the {Newton}-{Kantorovich} Theorem},
    journal={SIAM J. Numer. Anal.},
    volume={11},
    number={1},
    pages={10-13},
    year={1974},
    }
@article{Gutierrez1997a,
    author={J. M. Guti\'{e}rrez},
    title={A New Semilocal Convergence Theorem for {Newton's} Method},
    journal={J. Comput. Appl. Math.},
    volume={79},
    number={1},
    pages={131-145},
    year={1997},
    }
@article{Gutierrez2000,
    author={J. M. Guti\'{e}rrez and M. A. Hern\'{a}ndez},
    title={{Newton's} Method under Weak {Kantorovich} Conditions},
    journal={IMA J. Numer. Anal.},
    volume={20},
    number={4},
    pages={521-532},
    year={2000},
    }
@article{Huang1993,
    author={Z. Huang},
    title={A Note on the {Kantorovich} Theorem for {Newton} Iteration},
    journal={J. Comput. Appl. Math.},
    volume={47},
    number={2},
    pages={211-217},
    year={1993}
    }
@article{Huang2002,
     author={Z. Huang},
     title={On {Newton's} Method under {H\"{o}lder} Continuous Derivative},
     journal={J. Math. Anal. Appl.},
     volume={270},
     number={2},
     pages={332-229},
     year={2002}
     }
@article{Huang2004,
    author={Z. Huang},
    title={The Convergence Ball of {Newton's} Method and the Uniqueness Ball of
        Equations under {H\"{o}lder}-Type Continuous Derivatives},
    journal={Comput. Math. Appl.},
    volume={47},
    number={2-3},
    pages={247-251},
    year={2004},
    }
@article{LingXu2013,
    author={Y. Ling and X. Xu},
    title={Convergence Behavior for {Newton-Steffensen}'s Method
        under $\gamma-$Condition of Second Derivative},
    journal={Abstr. Appl. Anal.},
    volume={},
    number={},
    pages={},
    year={2013},
    note={682167}
    }
@article{Proinov2009,
    author={P. D. Proinov},
    title={General Local Convergence Theory for a Class of Iterative Processes
        and Its Applications to {Newton's} Method},
    journal={J. Complexity},
    volume={25},
    number={1},
    pages={38-62},
    year={2009},
    }
@article{Proinov2010,
    author={P. D. Proinov},
    title={New general convergence theory for iterative processes and its applications
        to {Newton}-{Kantorovich} type theorems},
    journal={J. Complexity},
    volume={26},
    number={1},
    pages={3-42},
    year={2010},
    }
@article{Rall1974,
    author={L. B. Rall},
    title={A Note on the Convergence of {Newton's} Method},
    journal={SIAM J. Numer. Anal.},
    volume={11},
    number={1},
    pages={34-36},
    year={1974},
    }
@article{Rheinboldt1968,
    author={W. C. Rheinboldt},
    title={A Unified Convergence Theory for A Class of Iterative Processes},
    journal={SIAM J. Numer. Anal.},
    volume={5},
    number={1},
    pages={42-63},
    year={1968},
    }
@article{Rheinboldt1988,
    author={W. C. Rheinboldt},
    title={On A Theorem of {S. Smale} about {Newton's} Method for Analytic Mappings},
    journal={Appl. Math. Lett.},
    volume={1},
    number={1},
    pages={69-72},
    year={1988},
    }
@article{Rokne1972,
    author={J. Rokne},
    title={{Newton's} Method under Mild Differentiability Conditions with Error Analysis},
    journal={Numer. Math.},
    volume={18},
    number={5},
    pages={401-412},
    year={1972},
    }
@article{Srijuntongsiri2008,
    author={G. Srijuntongsiri and S. A. Vavasis},
    title={A Condition Number Analysis of A Line-Surface Intersection Algorithm},
    journal={SIAM J. Sci. Comput.},
    volume={30},
    number={2},
    pages={1064-1081},
    year={2008},
    }
@article{Traub1979,
    author={J. F. Traub and H. Wozniakowski},
    title={Convergence and Complexity of {Newton} Method for operator equations},
    journal={J. Assoc. Comput. Math.},
    volume={29},
    number={2},
    pages={250-258},
    year={1979},
    }
@article{Wang1980,
    author={X. Wang},
    title={The Convergence on {Newton's} Method {(in Chinese)}},
    journal={KeXue TongBao (A Special Issue of Mathematics, Physics and Chemistry)},
    volume={25},
    number={1},
    pages={36-37},
    year={1980}
    }
@article{Wang1999,
    author={X. Wang},
    title={Convergence of {Newton's} Method and Inverse Functions Theorem in {Banach} Space},
    journal={Math. Comput.},
    volume={68},
    number={},
    pages={169-186},
    year={1999}
    }
@article{Wang2000a,
     author={X. Wang},
     title={Convergence of {Newton's} Method and
        Uniqueness of the Solution of Equations in {Banach} Space},
     journal={IMA J. Numer. Anal.},
     volume={20},
     number={1},
     pages={123-134},
     year={2000},
     }
@article{WangHan1990,
     author={X. Wang and D. Han},
     title={On Dominating Sequence Method in the Point Estimate and {Smale} Theorem},
     journal={Sci. China Ser. A},
     volume={33},
     number={2},
     pages={135-144},
     year={1990},
     }
@article{WangHan1997a,
     author={X. Wang and D. Han},
     title={Criterion $\alpha$ and {Newton's} Method under Weak Conditions},
     journal={Chinese J. Numer. Appl. Math.},
     volume={19},
     number={1},
     pages={96-105},
     year={1997},
     }
@article{WangHan1997b,
     author={X. Wang and D. Han},
     title={Criterion $\alpha$ and {Newton's} Method in the Weak Conditions {(in Chinese)}},
     journal={Math. Numer. Sinica},
     volume={19},
     number={1},
     pages={103-112},
     year={1997},
     }
@article{WangLi2001,
    author={X. Wang and C. Li},
    title={Local and Global Behavior for Algorithms of Solving Equations},
    journal={Chinese Sci. Bull.},
    volume={46},
    number={6},
    pages={444-451},
    year={2001}
    }
@article{WangLiLai2002,
     author={X. Wang and C. Li and M. Lai},
     title={A Unified Convergence Theory for {Newton}-Type Methods for Zeros of
        Nonlinear Operators in {Banach} Spaces},
     journal={BIT Numer. Math.},
     volume={42},
     number={1},
     pages={206-213},
     year={2002}
     }
@article{WangLi2003,
     author={X. Wang and C. Li},
     title={Convergence of {Newton's} Method and Uniqueness of the Solution
        of Equations in {Banach} Spaces II},
     journal={Acta Math. Sin., (Engl. Ser.)},
     volume={19},
     number={2},
     pages={205-212},
     year={2003}
     }
@article{WangShenHan1992,
    author={X. Wang and G. Shen and D. Han},
    title={Some Remarks on {Smale}'s "Algorithms for Solving Equations"},
    journal={Acta Math. Sinica},
    volume={8},
    number={4},
    pages={337-348},
    year={1992}
    }
@article{Weiser2005,
    author={M. Weiser and A. Schiela and P. Deuflhard},
    title={Asymptotic Mesh Independence of {Newton's} Method Revisited},
    journal={SIAM J. Numer. Anal.},
    volume={42},
    number={5},
    pages={1830-1845},
    year={2005},
    }
@article{Yamamoto1986,
    author={T. Yamamoto},
    title={A Method for Finding Sharp Error Bounds for {Newton's} Method under the
        {Kantorovich} Assumptions},
    journal={Numer. Math.},
    volume={49},
    number={2-3},
    pages={203-220},
    year={1986},
    }
@article{Yamamoto2000,
    author={T. Yamamoto},
    title={Historical developments in convergence analysis for {Newton's} and
        {Newton}-like methods},
    journal={J. Comput. Appl. Math.},
    volume={124},
    number={1},
    pages={1-23},
    year={2000},
    }
@article{Ypma1982,
    author={T. J. Ypma},
    title={Affine Invariant Convergence Results for {Newton}'s Method},
    journal={BIT Numer. Math.},
    volume={22},
    number={1},
    pages={108-118},
    year={1982},
    }
@article{Ypma1983,
    author={T. J. Ypma},
    title={Local Convergence of Difference {Newton}-Like Methods},
    journal={Math. Comput.},
    volume={41},
    number={164},
    pages={527-536},
    year={1983},
    }


%=================== NewtonMethod_Manifolds ===========================================

@article{Absil2007,
    author={P.-A. Absil and C. G. Baker and K. A. Gallivan},
    title={Trust-Region Methods on {Riemannian} Manifolds},
    journal={Found. Comput. Math.},
    volume={7},
    number={3},
    pages={303-330},
    year={2007},
    }
@article{Adler2002,
    author={R. L. Adler and J.-P. Dedieu and J. Y. Margulies and M. Martens and M. Shub},
    title={{Newton}'s Method on {Riemannian} Manifolds and a Geometric Model for the
        Human Spine},
    journal={IMA J. Numer. Analysis},
    volume={22},
    number={3},
    pages={359-390},
    year={2002},
    }
@article{Alvarez2008,
    author={F. Alvarez and J. Bolte and J. Munier},
    title={A Unifying Local Convergence Result for {Newton}'s Method in {Riemannian}
        Manifolds},
    journal={Found. Comput. Math.},
    volume={8},
    number={2},
    pages={197-226},
    year={2008},
    }
@article{Baker2008,
    author={C. G. Baker and P.-A. Absil and K. A. Gallivan},
    title={An Implicit Trust-Region Method on {Riemannian} Manifolds},
    journal={IMA J. Numer. Anal.},
    volume={28},
    number={4},
    pages={665-689},
    year={2008},
    }
@article{Dedieu2003a,
    author={J.-P. Dedieu and P. Priouret},
    title={{Newton}'s Method on {Riemannian} Manifolds: Covariant Alpha Theory},
    journal={IMA J. Numer. Anal.},
    volume={23},
    number={3},
    pages={395-419},
    year={2003},
    }
@article{Dedieu2004,
    author={J.-P. Dedieu and D. Nowicki},
    title={Computational Aspects of {Newton} Method on {Riemannian} Manifolds:
        the Case of Submanifolds},
    journal={},
    volume={},
    number={},
    pages={},
    year={2004},
    }
@article{Dedieu2005,
    author={J.-P. Dedieu and D. Nowicki},
    title={Symplectic Methods for the Approximation of the Exponential Map and the
        {Newton} Iteration on {Riemannian} Submanifolds},
    journal={J. Complexity},
    volume={21},
    number={4},
    pages={487-501},
    year={2005},
    }
@article{Ferreira2002,
    author={O. P. Ferreira},
    title={{Kantorovich}'s Theorem on {Newton}'s Method in Reimannian Manifolds},
    journal={J. Complexity},
    volume={18},
    number={1},
    pages={304-329},
    year={2002},
    }
@article{LiWang2005,
    author={C. Li and J. Wang},
    title={Convergence of the {Newton} Method and Uniqueness of Zeros of Vector Fields
        on {Riemannian} Manifolds},
    journal={Sci. China Ser. A},
    volume={48},
    number={11},
    pages={1465-1478},
    year={2005},
    }
@article{LiWang2006,
    author={C. Li and J. Wang},
    title={{Newton's} Method on {Riemannian} Manifolds: {Smale}'s Point Estimate Theory
        under the $\gamma-$condition},
    journal={IMA J. Numer. Anal.},
    volume={26},
    number={2},
    pages={228-251},
    year={2006},
    }
@article{LiWang2008,
    author={C. Li and J. Wang},
    title={{Newton's} Method for Sections on {Riemannian} Manifolds: Generalized
        Covariant $\alpha-$theory},
    journal={J. Complexity},
    volume={24},
    number={3},
    pages={423-451},
    year={2008},
    }
@article{LiWangDedieu2009,
    author={C. Li and J. Wang and J.-P. Dedieu},
    title={{Smale}'s Point Estimate Theory for {Newton's} Method on {Lie} Groups},
    journal={J. Complexity},
    volume={25},
    number={2},
    pages={128-151},
    year={2009},
    }
@article{Owren2000,
    author={B. Owren and B. Welfert},
    title={The {Newton} Iteration on {Lie} Groups},
    journal={BIT},
    volume={40},
    number={1},
    pages={121-145},
    year={2000},
    }
@article{WangLi2006,
    author={J. Wang and C. Li},
    title={Uniqueness of the Singular Points of Vector Fields on {Riemannian}
        under the $\gamma-$condition},
    journal={J. Complexity},
    volume={22},
    number={4},
    pages={533-548},
    year={2006},
    }
@article{WangLi2009,
    author={J. Wang and C. Li},
    title={Convergence of the Family of {Euler}-{Halley} Type Method on {Riemannian}
        Manifolds under the $\gamma-$condition},
    journal={Taiwan. J. Math.},
    volume={13},
    number={2},
    pages={585-606},
    year={2009},
    }
@article{WangLi2011,
    author={J. Wang and C. Li},
    title={{Kantorovich}'s Theorems for {Newton's} Method for Mappings and Optimization
        Problems on {Lie} Groups},
    journal={IMA J. Numer. Anal.},
    volume={31},
    number={1},
    pages={322-347},
    year={2011},
    }


%=================== InexactNewtonMethod ==============================================


@article{ChenLi2006,
    author={J. Chen and W. Li},
    title={Convergence Behaviour of Inexact {Newton} Methods under Weak {Lipschitz}
        Condition},
    journal={J. Comput. Appl. Math.},
    volume={191},
    number={1},
    pages={143-164},
    year={2006},
    }
@article{Dembo1982,
    author={R. S. Dembo and S. C. Eisenstat and T. Steihaug},
    title={Inexact {Newton} Methods},
    journal={SIAM J. Numer. Anal.},
    volume={19},
    number={},
    pages={400-408},
    year={1982},
    }
@article{Eisenstat1994,
    author={S. C. Eisenstat and H. F. Walker},
    title={Globally Convergent Inexact {Newton} Methods},
    journal={SIAM J. Optim.},
    volume={4},
    number={2},
    pages={393-422},
    year={1994},
    }
@article{Eisenstat1996,
    author={S. C. Eisenstat and H. F. Walker},
    title={Choosing the Forcing Terms in an Inexact {Newton} Method},
    journal={SIAM J. Sci. Comput.},
    volume={17},
    number={1},
    pages={16-32},
    year={1996},
    }
@article{Ferreira2011c,
    author={O. P. Ferreira and M.L.N. Goncalves},
    title={Local Convergence Analysis of Inexact {Newton}-like Methods under Majorant
        Condition},
    journal={Comput. Optim. Appl.},
    volume={48},
    number={1},
    pages={1-21},
    year={2011},
    %note={(to appear), doi:10.1007/s10589-009-9249-2},
    }
@article{Fokkema1998,
    author={Diederik R. Fokkema and Gerard L. G. Sleijpen and Henk A. Van Der Vorst},
    title={Accelerated Inexact {Newton} Schemes for Large Systems of Nonlinear
        Equations},
    journal={SIAM J. Sci. Comput.},
    volume={19},
    number={2},
    pages={657-674},
    year={1998},
    }
@article{Guo2007,
    author={X. Guo},
    title={On Semilocal Convergence of Inexact {Newton} Methods},
    journal={J. Comput. Math.},
    volume={25},
    number={2},
    pages={231-242},
    year={2007},
    }
@article{Krejic2002,
    author={N. Kreji\'{c} and Z. Lu\v{z}anin},
    title={{Newton}-Like Method with Modification of the Right-Hand-Side Vector},
    journal={Math. Comput.},
    volume={71},
    number={237},
    pages={237-250},
    year={2002},
    }
@article{Lechleiter2010,
    author={A. Lechleiter and A. Rieder},
    title={Towards a General Convergence Theory for Inexact {Newton} Regularizations},
    journal={Numer. Math.},
    volume={114},
    number={3},
    pages={521-548},
    year={2010},
    }
@article{LiShen2008,
    author={C. Li and W. Shen},
    title={Local Convergence of Inexact Methods under the {H\"{o}lder} Condition},
    journal={J. Comput. Appl. Math.},
    volume={222},
    number={2},
    pages={544-560},
    year={2008},
    }
@article{Morini1999,
    author={B. Morini},
    title={Convergence Behaviour of Inexact {Newton} Methods},
    journal={Math. Comput.},
    volume={68},
    number={228},
    pages={1605-1613},
    year={1999},
    }
@article{Pawlowski2008,
    author={R. P. Pawlowski and J. P. Simonis and H. F. Walker and J. N. Shadid},
    title={Inexact {Newton} Dogleg Methods},
    journal={SIAM J. Numer. Anal.},
    volume={46},
    number={4},
    pages={2112-2132},
    year={2008},
    }
@article{Pernice1998,
    author={M. Pernice and H. F. Walker},
    title={{NITSOL}: A {Newton} Iterative Solver for Nonlinear Systems},
    journal={SIAM J. Sci. Comput.},
    volume={19},
    number={1},
    pages={302-318},
    year={1998},
    }
@article{ShenLi2008,
    author={W. Shen and C. Li},
    title={Convergence Criterion of Inexact Methods for Operators with {H\"{o}lder}
        Continuous Derivatives},
    journal={Taiwan. J. Math.},
    volume={12},
    number={7},
    pages={1865-1882},
    year={2008},
    }
@article{ShenLi2009,
    author={W. Shen and C. Li},
    title={{Kantorovich}-Type Convergence Criterion for Inexact {Newton} Methods},
    journal={Appl. Numer. Math.},
    volume={59},
    number={7},
    pages={1599-1611},
    year={2009},
    }
@article{ShenLi2010,
    author={W. Shen and C. Li},
    title={{Smale}'s $\alpha-$theory for Inexact {Newton} Method under the
        $\gamma-$condition},
    journal={J. Math. Anal. Appl.},
    volume={369},
    number={1},
    pages={29-42},
    year={2010},
    }
@article{Ypma1984,
    author={T. J. Ypma},
    title={Local Convergence of Inexact {Newton} Methods},
    journal={SIAM J. Numer. Anal.},
    volume={21},
    number={3},
    pages={583-590},
    year={1984},
    }

%=================== GaussNewtonMethod ================================================

@article{Chen2008,
    author={J. Chen},
    title={The Convergence Analysis of Inexact {Gauss}-{Newton}},
    journal={Comput. Optim. Appl.},
    volume={40},
    number={1},
    pages={97-118},
    year={2008},
    }
@article{DedieuShub2000,
    author={J. P. Dedieu and M. Shub},
    title={{Newton}'s Method for Overdetermined Systems of Equations},
    journal={Math. Comput.},
    volume={69},
    number={231},
    pages={1099-1115},
    year={2000},
    }
@article{DedieuKim2002,
    author={J. P. Dedieu and M. H. Kim},
    title={{Newton's} Method for Analytic Systems of Equations with Constant Rank
        Derivatives},
    journal={J. Complexity},
    volume={18},
    number={1},
    pages={187-209},
    year={2002},
    }
@article{Eriksson2004,
    author={J. Eriksson and M. E. Gulliksson},
    title={Local Results for the {Gauss-Newton} Method on Constrained Rank-Deficient
        Nonlinear Least Squares},
    journal={Math. Comput.},
    volume={73},
    number={248},
    pages={1865-1883},
    year={2004},
    }
@article{Ferreira2011b,
    author={O. P. Ferreira and M. L. N. Goncalves and P. R. Oliveira},
    title={Local Convergence Analysis of the {Gauss-Newton} Method under a Majorant
        Condition},
    journal={J. Complexity},
    volume={27},
    number={1},
    pages={111-125},
    year={2011},
    }
@article{Ferreira2012a,
    author={O. P. Ferreira and M. L. N. Goncalves and P. R. Oliveira},
    title={Local convergence analysis of inexact {Gauss-Newton} like methods
        under majorant condition},
    journal={J. Comput. Appl. Math.},
    volume={236},
    number={},
    pages={2487-2498},
    year={2012},
    }
@article{Fraley1989,
    author={C. Fraley},
    title={Computational Behavior of {Gauss-Newton} Methods},
    journal={SIAM J. Sci. Stat. Comput.},
    volume={10},
    number={3},
    pages={515-532},
    year={1989},
    }
@article{HuShenLi2008,
    author={N. Hu and W. Shen and C. Li},
    title={{Kantorovich}'s Type Theorems for Systems of Equations with Constant
        Rank Derivatives},
    journal={J. Comput. Appl. Math.},
    volume={219},
    number={1},
    pages={110-122},
    year={2008},
    }
@article{LiHuWang2010,
    author={C. Li and N. Hu and J. Wang},
    title={Convergence Behavior of {Gauss-Newton's} Method and Extensions of the {Smale}
        Point Estimate Theory},
    journal={J. Complexity},
    volume={26},
    number={3},
    pages={268-295},
    year={2010},
    }
@article{LiZhangJin2004,
    author={C. Li and W. Zhang and X. Jin},
    title={Convergence and Uniqueness Properties of {Gauss-Newton's} Method},
    journal={Comput. Math. Appl.},
    volume={47},
    number={6-7},
    pages={1057-1067},
    year={2004},
    }
@article{XuLi2007,
    author={X. Xu and C. Li},
    title={Convergence of {Newton's} Method for Systems of Equations with Constant
        Rank Derivatives},
    journal={J. Comput. Math.},
    volume={25},
    number={6},
    pages={705-718},
    year={2007},
    }
@article{XuLi2008,
    author={X. Xu and C. Li},
    title={Convergence Criterion of {Newton's} Method for Singular Systems with
        Constant Rank Derivatives},
    journal={J. Math. Anal. Appl.},
    volume={345},
    number={2},
    pages={689-701},
    year={2008},
    }

%=================== HalleyChebyshevMethod ============================================
@article{Candela1990a,
    author={V. Candela and A. Marquina},
    title={Recurrence Relations for Rational Cubic Methods I: The {Halley} Method},
    journal={Computing},
    volume={44},
    number={2},
    pages={169-184},
    year={1990},
    }
@article{Candela1990b,
    author={V. Candela and A. Marquina},
    title={Recurrence Relations for Rational Cubic Methods II: The {Chebyshev} Method},
    journal={Computing},
    volume={45},
    number={2},
    pages={355-367},
    year={1990},
    }
@article{Ezquerro1997,
    author={J. A. Ezquerro},
    title={A Modification of the {Chebyshev} Method},
    journal={IMA J. Numer. Anal.},
    volume={17},
    number={4},
    pages={511-525},
    year={1997},
    }
@article{Ezquerro2004,
    author={J. A. Ezquerro and M. A. Hern\'{a}ndez},
    title={On {Halley}-Type Iterations with Free Second Drivative},
    journal={J. Comput. Appl. Math.},
    volume={170},
    number={2},
    pages={455-459},
    year={2004},
    }
@article{Ezquerro2005,
    author={J. A. Ezquerro and M. A. Hern\'{a}ndez},
    title={On the {R}-Order of the {Halley} Method},
    journal={J. Math. Anal. Appl.},
    volume={303},
    number={2},
    pages={591-601},
    year={2005},
    }
@article{Ezquerro2006,
    author={J. A. Ezquerro and M. A. Hern\'{a}ndez},
    title={On the {R}-Order of Convergence of {Newton's} Method under Mild
        differentiability Conditions},
    journal={J. Comput. Appl. Math.},
    volume={197},
    number={1},
    pages={53-61},
    year={2006},
    }
@article{Ezquerro2007,
    author={J. A. Ezquerro and M. A. Hern\'{a}ndez},
    title={{Halley's} Method for Operators with Unbounded Second Derivative},
    journal={Appl. Numer. Math.},
    volume={57},
    number={3},
    pages={354-360},
    year={2007},
    }
@article{Gutierrez1997b,
    author={J. M. Guti\'{e}rrez and M. A. Hern\'{a}ndez},
    title={A Family of {Chebyshev}-{Halley} Type Methods in {Banach} Spaces},
    journal={Bull. Aust. Math. Soc.},
    volume={55},
    number={1},
    pages={113-130},
    year={1997},
    }
@article{Gutierrez1997c,
    author={J. M. Guti\'{e}rrez and M. A. Hern\'{a}ndez},
    title={Third-order Iterative Methods for Operators with Bounded Second Derivative},
    journal={J. Comput. Appl. Math.},
    volume={82},
    number={1-2},
    pages={171-183},
    year={1997},
    }
@article{HanWang1997,
    author={D. Han and X. Wang},
    title={The Error Estimates of {Halley's} Method},
    journal={Numer. Math. JCU (Engl. Ser.)},
    volume={6},
    number={},
    pages={231-240},
    year={1997}
    }
@article{Hernandez2009,
    author={M. A. Hern\'{a}ndez and N. Romero},
    title={Toward a unified theory for third R-order iterative methods for operators
    with unbounded second derivative},
    journal={Appl. Math. Comput.},
    volume={215},
    number={},
    pages={2248-2261},
    year={2009}
    }
@article{Han2001,
    author={D. Han},
    title={The Convergence on a Family of Iterations with Cubic Order},
    journal={J. Comput. Math.},
    volume={19},
    number={5},
    pages={467-474},
    year={2001}
    }
@article{ParidaGupta2008,
    author={P. K. Parida and D. K. Gupta},
    title={Recurrence Relations for Semilocal Convergence of a {Newton}-like Method in
        {Banach} Spaces},
    journal={J. Math. Anal. Appl.},
    volume={345},
    number={1},
    pages={350-361},
    year={2008}
    }
@article{Wang1997,
    author={X. Wang},
    title={Convergence on the Iteration of {Halley} Family in Weak Conditions},
    journal={Chinese Sci. Bull.},
    volume={42},
    number={7},
    pages={552-555},
    year={1997}
    }
@article{Wang1998,
    author={X. Wang},
    title={Convergence of the Iteration of {Halley's} Family and {Smale} Operator Class in
        {Banach} Space},
    journal={Sci. China Ser. A},
    volume={41},
    number={7},
    pages={700-709},
    year={1998}
    }
@article{Wang2000b,
    author={X. Wang},
    title={Convergence of Iterations of {Euler} Family under Weak Condition},
    journal={Sci. China Ser. A},
    volume={43},
    number={9},
    pages={958-962},
    year={2000}
    }
@article{WangLi2003a,
     author={X. Wang and C. Li},
     title={On the united theory of the family of {Euler-Halley} type
     methods with cubical convergence in {Banach} Spaces},
     journal={J. Comput. Math.},
     volume={21},
     number={2},
     pages={195-200},
     year={2003}
     }
@article{WangLiWang2003,
     author={H. Wang and C. Li and X. Wang},
     title={On Relationship between Convergence Ball of {Euler} Iteration in {Banach}
        Spaces and Its Dynamical Behavior on {Riemann} Spheres},
     journal={Sci. China Ser. A},
     volume={46},
     number={3},
     pages={378-382},
     year={2003}
     }
@article{XuLing2009,
     author={X. Xu and Y. Ling},
     title={Semilocal Convergence for {Halley's} Method under Weak {Lipschitz} Condition},
     journal={Appl. Math. Comput.},
     volume={215},
     number={},
     pages={3057-3067},
     year={2009}
     }
@article{YeLi2006,
    author={X. Ye and C. Li},
    title={Convergence of the Family of the Deformed {Euler-Halley} Iterations under
        the {H\"{o}lder} Condition of the Second Derivative},
    journal={J. Comput. Appl. Math.},
    volume={194},
    number={2},
    pages={294-308},
    year={2006},
    }
@article{YeLiShen2007,
    author={X. Ye and C. Li and W. Shen},
    title={Convergence of the Variants of the {Chebyshev-Halley} Iteration Family
        under the {H\"{o}lder} Condition of the First Derivative},
    journal={J. Comput. Appl. Math.},
    volume={203},
    number={1},
    pages={279-288},
    year={2007},
    }



%========================= InverseEigenvalueProblems ==================================


@article{Alexander1978,
    author={J. C. Alexander},
    title={The Additive Inverse Eigenvalue Problem and Topological Degree},
    journal={Proc. Amer. Math. Soc.},
    volume={70},
    pages={5-7},
    year={1978},
    }
@article{BaiChanMorini2004,
    author={Z. Bai and R. H. Chan and B. Morini},
    title={An Inexact {Cayley} Transform Method for Inverse Eigenvalue Problems},
    journal={Inverse Problems},
    volume={20},
    pages={1675-1689},
    year={2004},
    }
@article{BaiMoriniXu2007,
    author={Z. Bai and B. Morini and S. Xu},
    title={On the Local Convergence of An Iterative Approach for Inverse Singular
        Value Problems},
    journal={J. Comput. Appl. Math.},
    volume={198},
    pages={344-360},
    year={2007},
    }
@article{BaiXu2008,
    author={Z. Bai and S. Xu},
    title={An Inexact {Newton}-Type Method for Inverse Singular Value Problems},
    journal={Linear Algebra Appl.},
    volume={429},
    number={2-3},
    pages={527-547},
    year={2008},
    }
@article{ChanXuZhou1999,
    author={R. H. Chan and S. Xu and H. Zhou},
    title={On the Convergence Rate of a Quasi-{Newton} Method for Inverse Eigenvalue
        Problems},
    journal={SIAM J. Numer. Anal.},
    volume={36},
    number={2},
    pages={436-441},
    year={1999},
    }
@article{ChanChungXu2003,
    author={R. H. Chan and H. L. Chung and S. F. Xu},
    title={The Inexact {Newton}-Like Method for Inverse Eigenvalue Problem},
    journal={BIT Numer. Math.},
    volume={43},
    pages={7-20},
    year={2003},
    }
@article{ChanNg1996,
    author={R. H. Chan and M. Ng},
    title={Conjugate Gradient Method for {Toeplitz} Systems},
    journal={SIAM Rev.},
    volume={38},
    pages={427-482},
    year={1996},
    }
@article{ChenChu1996,
    author={X. Chen and M. T. Chu},
    title={On the Least Squares Solution of Inverse Eigenvalue Problems},
    journal={SIAM J. Numer. Anal.},
    volume={33},
    pages={2417-2430},
    year={1996},
    }
@article{Chu1990,
    author={M. T. Chu},
    title={Solving Additive Inverse Eigenvalue Problems for Symmetric Matrices
        by the Homotopy Method},
    journal={IMA J. Numer. Anal.},
    volume={9},
    pages={331-342},
    year={1990},
    }
@article{Chu1992,
    author={M. T. Chu},
    title={Numerical Methods for Inverse Singular Value Problems},
    journal={SIAM J. Numer. Anal.},
    volume={29},
    pages={885-903},
    year={1992},
    }
@article{Chu1998,
    author={M. T. Chu},
    title={Inverse Eigenvalue Problems},
    journal={SIAM Rev.},
    volume={40},
    pages={1-39},
    year={1998},
    }
@article{ChuGolub2002,
    author={M. T. Chu and G. H. Golub},
    title={Structured Inverse Eigenvalue Problems},
    journal={Acta Numer.},
    volume={11},
    pages={1-71},
    year={2002},
    }
@article{Friedland1977,
    author={S. Friedland},
    title={Inverse Eigenvalue Problems},
    journal={Linear Algebra Appl.},
    volume={17},
    pages={15-51},
    year={1977},
    }
@article{Friedland1987,
    author={S. Friedland and J. Nocedal and M. L. Overton},
    title={The Formulation and Analysis of Numerical Methods for Inverse Eigenvalue
        Problems},
    journal={SIAM J. Numer. Anal.},
    volume={24},
    number={3},
    pages={634-667},
    year={1987},
    }
@article{Kublanovskaya2003,
    author={V. N. Kublanovskaya},
    title={An Approach to Solving Inverse Eigenvalue Problems for Matrices},
    journal={J. Math. Sci.},
    volume={114},
    pages={1808-1819},
    year={2003},
    }
@article{ShenLiJin2011,
    author={W. Shen and C. Li and X. Jin},
    title={A {Ulm}-Like Method for Inverse Eigenvalue Problems},
    journal={Appl. Numer. Math.},
    volume={61},
    pages={356-367},
    year={2011},
    }
@article{Sun1985,
    author={J. Sun},
    title={Eigenvalues and Eigenvectors of A Matrix Dependent on Several Parameters},
    journal={J. Comput. Math.},
    volume={3},
    pages={351-364},
    year={1985},
    }
@article{Trench1997,
    author={W. F. Trench},
    title={Numerical Solution of the Inverse Eigenvalue Problem for Real Symmetric
        {Toeplitz} Matrices},
    journal={SIAM J. Sci. Comput.},
    volume={18},
    number={6},
    pages={1722-1736},
    year={1997},
    }
@article{VongBaiJin2011,
    author={S. Vong and Z. Bai and X. Jin},
    title={An {Ulm}-Like Method for Inverse Singular Value Problems},
    journal={SIAM J. Matrix Anal. Appl.},
    volume={32},
    pages={412-429},
    year={2011},
    }


%========================= LinearSystemsSolving =======================================


@article{Bellavia2001,
    author={S. Bellavia and B. Morini},
    title={A Globally Convergent {Newton-GMRES} Subspace Method for Systems of
        Nonlinear Equations},
    journal={SIAM J. Sci. Comput.},
    volume={23},
    pages={940-960},
    year={2001},
    }
@article{Brown1987,
    author={P. N. Brown},
    title={A Local Convergence Theory for Combined Inexact-{Newton}/Finite-Difference
        Projection Methods},
    journal={SIAM J. Numer. Anal.},
    volume={24},
    pages={407-434},
    year={1987},
    }
@article{BrownSaad1990,
    author={P. N. Brown and Y. Saad},
    title={Hybrid {Kryolv} Methods for Nonlinear Systems of Equations},
    journal={SIAM J. Sci. Statist. Comput.},
    volume={11},
    pages={450-481},
    year={1990},
    }
@article{BrownSaad1994,
    author={P. N. Brown and Y. Saad},
    title={Convergence Theory of Nonlinear {Newton-Krylov} Algorithms},
    journal={SIAM J. Optim.},
    volume={4},
    pages={297-330},
    year={1994},
    }
@article{Freund1991,
    author={R. W. Freund and N. M. Nachtigal},
    title={OMR: A Quasi-Minimal Residual Method for Non-{Hermitian} Linear Systems},
    journal={Numer. Math.},
    volume={60},
    pages={315-339},
    year={1991},
    }
@article{SaadSchultz1986,
    author={Y. Saad and M. H. Schultz},
    title={{GMRES}: A Generalized Minimum Residual Algorithm for Solving Nonsymmetric
        Linear Systems},
    journal={SIAM J. Sci. Statist. Comput.},
    volume={7},
    pages={856-869},
    year={1986},
    }


%========================= MatrixPthRoot ==============================================


@article{Alefeld1982,
    author={G. Alefeld and N. Schneider},
    title={On square roots of {M}-matrices},
    journal={Linear Algebra Appl.},
    volume={42},
    pages={119-132},
    year={1982},
    }

@article{BiniHighamMeini2005,
    author={D. A. Bini and N. J. Higham and B. Meini},
    title={Algorithms for the Matrix $p$th Root},
    journal={Numer. Algorithms},
    volume={39},
    pages={349-378},
    year={2005},
    }

@article{Bjorck1983,
    author={{\AA}. Bj\"{o}rck and S. Hammarling},
    title={A {Schur} Method for the Square Root of a Matrix},
    journal={Linear Algebra Appl.},
    volume={52/53},
    pages={127-140},
    year={1983},
    }

@article{Butler1985,
    author={G. J. Bulter and C. R. Johnson and H. Wolkowicz},
    title={Nonnegative solutions of a quadratic matrix equation arising
    from comparison theorems in ordinary differential equations},
    journal={SIAM J. Alg. Discrete Methods},
    volume={6},
    number={1},
    pages={47-53},
    year={1985},
    }

@article{Cardoso2011,
    author={J. R. Cardoso and A. F. Loureiro},
    title={Iteration Functions for $p$th Roots of Complex Numbers},
    journal={Numer. Algorithms},
    volume={57},
    pages={329-356},
    year={2011},
    }

@article{Cardoso2011a,
    author={J. R. Cardoso and A. F. Loureiro},
    title={On the Convergence of {Schr\"{o}der} Iteration Functions for
    $p$th Roots of Complex Numbers},
    journal={Appl. Math. Comput.},
    volume={217},
    pages={8833-8839},
    year={2011},
    }
@article{Cheng2001,
    author={S. Cheng and N. J. Higham and C. S. Kenney and A. J. Laub},
    title={Approximating the logarithm of a matrix to specified accuracy},
    journal={SIAM J. Matrix Anal. Appl.},
    volume={22},
    number={4},
    pages={1112-1125},
    year={2001},
    }
@article{Denman1976,
    author={Eugene D. Denman and Alex N. BeaversJr},
    title={The matrix sign function and computations in systems},
    journal={Appl. Math. Comput.},
    volume={2},
    pages={63-94},
    year={1976},
    }
@article{Gomilko2012,
    author={O. Gomilko and D. B. Karp and M. Lin and K. Zi\c{e}tak},
    title={Regions of Convergence of a {Pad\'{e}} Family of Iterations for
    the Matrix Sector Function and the Matrix $p$th Root},
    journal={J. Comput. Appl. Math.},
    volume={236},
    pages={4410-4420},
    year={2012},
    }
@article{Gomilko2012a,
    author={O. Gomilko and F. Greco and K. Zi\c{e}tak},
    title={A {Pad\'{e}} family of iterations for the matrix sign function and related problems},
    journal={Numer. Linear Algebra Appl.},
    volume={19},
    pages={585-605},
    year={2012},
    }
@article{GrecoIannazzo2010,
    author={F. Greco and B. Iannazzo and F. Poloni},
    title={The {P}ad\'{e} iterations for the matrix sign function and their reciprocals are optimal},
    journal={Linear Algebra Appl.},
    volume={436},
    pages={472-477},
    year={2012},
    }
@article{Greco2012,
    author={F. Greco and B. Iannazzo},
    title={A Binary Powering {Schur} Algorithm for Computing Primary Matrix Roots},
    journal={Numer. Algorithms},
    volume={55},
    pages={59-78},
    year={2010},
    }
@article{Guo2010,
    author={Chunhua Guo},
    title={On {Newton's} Method and {Halley's} Method for the Principal $p$th Root of a Matrix},
    journal={Linear Algebra Appl.},
    volume={432},
    pages={1905-1922},
    year={2010},
    }
@article{GuoHigham2006,
    author={C. Guo and N. J. Higham},
    title={A {Schur-Newton} Method for the Matrix $p$th Root and Its Inverse},
    journal={SIAM J. Matrix Anal. Appl.},
    volume={28},
    pages={788-804},
    year={2006},
    }
@article{Hasan1997,
    author={M. A. Hasan},
    title={A power method for computing square roots of complex matrices},
    journal={J. Math. Anal. Appl.},
    volume={213},
    pages={393-405},
    year={1997},
    }
@article{Higham1986,
    author={N. J. Higham},
    title={{Newton}'s Method for the Matrix Square Root},
    journal={Math. Comput.},
    volume={46},
    pages={537-549},
    year={1986},
    }
@article{Higham1987,
    author={N. J. Higham},
    title={Computing Real Square Roots of a Real Matrix},
    journal={Linear Algebra Appl.},
    volume={88/89},
    pages={405-430},
    year={1987},
    }
@article{Higham1997,
    author={N. J. Higham},
    title={Stable Iterations for the Matrix Square Root},
    journal={Numer. Algorithms},
    volume={15},
    pages={227-242},
    year={1997},
    }
@article{Higham2004,
    author={N. J. Higham and D. S. Mackey and N. Mackey and F. Tisseur},
    title={Computing the Polar Decomposition and the Matrix Sign Decomposition in Matrix Groups},
    journal={SIAM J. Matrix Anal. Appl.},
    volume={25},
    number={4},
    pages={1178-1192},
    year={2004},
    }
@article{Higham2005,
    author={N. J. Higham and D. S. Mackey and N. Mackey and F. Tisseur},
    title={Functions Preserving Matrix Groups and Iterations for the Matrix Square Root},
    journal={SIAM J. Matrix Anal. Appl.},
    volume={26},
    number={3},
    pages={849-877},
    year={2005},
    }
@article{HighamLin2011,
    author={N. J. Higham and L. Lin},
    title={A {Schur-Pad\'{e}} Algorithm for Fractional Powers of a Matrix},
    journal={SIAM J. Matrix Anal. Appl.},
    volume={32},
    number={3},
    pages={1056-1078},
    year={2011},
    }
@article{HighamLin2011a,
    author={N. J. Higham and L. Lin},
    title={On $p$th roots of stochastic matrices},
    journal={Linear Algebra Appl.},
    volume={435},
    number={},
    pages={448-463},
    year={2011},
    }
@article{HighamLin2013,
    author={N. J. Higham and L. Lin},
    title={A improved {Schur-Pad\'{e}} algorithm for fractional powers of a matrix
    and their derivatives},
    journal={SIAM J. Matrix Anal. Appl.},
    volume={34},
    number={3},
    pages={1341-1360},
    year={2013},
    }
@article{HighamAlMohy2010,
    author={N. J. Higham and A. H. Al-Mohy},
    title={Computing Matrix Functions},
    journal={Acta Numer.},
    volume={19},
    pages={159-208},
    year={2010},
    }
@article{Hoskins1979,
    author={W. D. Hoskins and D. J. Walton},
    title={A faster, more stable method for computing the $p$th
    roots of positive definite matrices},
    journal={Linear Algebra Appl.},
    volume={26},
    pages={139-163},
    year={1979},
    }
@article{Iannazzo2003,
    author={B. Iannazzo},
    title={A note on computing the Matrix square Root},
    journal={Calcolo},
    volume={40},
    number={4},
    pages={273-283},
    year={2003},
    }
@article{Iannazzo2006,
    author={B. Iannazzo},
    title={On the {Newton} Method for the Matrix $p$th Root},
    journal={SIAM J. Matrix Anal. Appl.},
    volume={28},
    pages={503-523},
    year={2006},
    }
@article{Iannazzo2008,
    author={B. Iannazzo},
    title={A Family of Rational Iterations and Its Application to the Computation of
    the Matrix $p$th Root},
    journal={SIAM J. Matrix Anal. Appl.},
    volume={30},
    pages={1445-1462},
    year={2008},
    }
@article{Iannazzo2013,
    author={B. Iannazzo and C. Manasse},
    title={A {Schur} Logarithmic Algorithm for Fractional Powers of Matrices},
    journal={SIAM J. Matrix Anal. Appl.},
    volume={34},
    pages={794-813},
    year={2013},
    }
@article{Kenney1991,
    author={C. Kenney and A. J. Laub},
    title={Rational Iterative Methods for the Matrix Sign Function},
    journal={SIAM J. Matrix Anal. Appl.},
    volume={12},
    pages={273-291},
    year={1991},
    }
@article{Laasonen1958,
    author={P. Laasonen},
    title={On the iterative solution of the matrix equation $AX^2-\I = 0$},
    journal={Math. Comput.},
    volume={12},
    number={62},
    pages={109-116},
    year={1958},
    }
@article{Lakic1998,
    author={S. Laki\'{c}},
    title={On the computation of the matrix $k$th root},
    journal={ZAMM Z. Angew. Math. Mech.},
    volume={78},
    number={3},
    pages={167-172},
    year={1998},
    }
@article{Laszkiewicz2008,
    author={B. Laszkiewicz and K. Zi\c{e}tak},
    title={Algorithms for the matrix sector function},
    journal={Electron. Trans. Numer. Anal.},
    volume={31},
    pages={358-383},
    year={2008},
    }
@article{Laszkiewicz2009,
    author={B. Laszkiewicz and K. Zi\c{e}tak},
    title={A {Pad\'{e}} family of Iterations for the Matrix Sector Function and the Matrix $p$th Root},
    journal={Numer. Linear Algebra Appl.},
    volume={16},
    pages={951-970},
    year={2009},
    }
@article{Lin2010,
    author={M. Lin},
    title={A Residual Recurrence for {Halley's} Method for the Matrix $p$th Root},
    journal={Linear Algebra Appl.},
    volume={432},
    pages={2928-2930},
    year={2010},
    }
@article{LinLiu2001,
    author={L. Lin and Z. Liu},
    title={On the square root of an {H}-matrix with positive diagonal elements},
    journal={Ann. Oper. Res.},
    volume={103},
    pages={339-350},
    year={2001},
    }
@article{Lu1998,
    author={Y. Lu},
    title={A {P}ad\'{e} approximation method for square roots of symmetric
    positive definite matrices},
    journal={SIAM J. Matrix Anal. Appl.},
    volume={19},
    number={3},
    pages={833-845},
    year={1998},
    }
@article{Meini2004,
    author={B. Meini},
    title={The Matrix Square Root from a New Functional Perspective: Theoretical
    Results and Computational Issues},
    journal={SIAM J. Matrix Anal. Appl.},
    volume={26},
    pages={362-376},
    year={2004},
    }
@article{Psarrakos2002,
    author={Panayiotis J. Psarrakos},
    title={On the $m$th roots of a complex matrix},
    journal={Electron. J. Linear Algebra},
    volume={9},
    pages={32-41},
    year={2002},
    }
@article{Shieh1985,
    author={L. S. Shieh and Y. T. Tsay and R. E. Yates},
    title={Computation of the principal $n$th roots of complex matrices},
    journal={IEEE Trans. Automat. Control},
    volume={30},
    number={6},
    pages={606-608},
    year={1985},
    }
@article{Smith2003,
    author={M. I. Smith},
    title={A {Schur} Algorithm for Computing Matrix $p$th Roots},
    journal={SIAM J. Matrix Anal. Appl.},
    volume={24},
    pages={971-989},
    year={2003},
    }
@article{Tsai1988,
    author={J. S. H. Tsai and L. S. Shieh and R. E. Yates},
    title={Fast and stable algorithms for computing the principal $n$th root of a complex
    matrix and the matrix sector function},
    journal={Comput. Math. Appl.},
    volume={15},
    number={11},
    pages={903-913},
    year={1988},
    }
@article{Tsay1986,
    author={T. Y. Tsay and L. S. Shieh and J. S. H. Tsai},
    title={A fast method for computing the principal $n$th roots of complex matrices},
    journal={Linear Algebra Appl.},
    volume={76},
    pages={205-221},
    year={1986},
    }
@article{Zietak2013,
    author={K. Zi\c{e}tak},
    title={The Dual {Pad\'{e}} Families of Iterations for the Matrix $p$th Root
    and the Matrix $p$-Sector Function},
    journal={J. Comput. Appl. Math.},
    volume={},
    pages={},
    year={2013},
    note={(to appear)\\ http://dx.doi.org/10.1016/j.cam.2013.07.021},
    }



%========================= Others =====================================================


@article{Dedieu2003b,
    author={J.-P. Dedieu and M.-H. Kim and M. Shub and F. Tisseur},
    title={Implicit Gamma Theorems (I): Pseudoroots and Pseudospectra},
    journal={Found. Comput. Math.},
    volume={3},
    number={1},
    pages={1-31},
    year={2003},
    }
@article{Fliege2009,
    author={J. Fliege and L. M. G. Drummond and B. F. Svaiter},
    title={{Newton's} Method for Multiobjective Optimization},
    journal={SIAM J. Optim.},
    volume={20},
    number={2},
    pages={602-626},
    year={2009},
    }
@article{GaneshJoshi1991,
    author={M. Ganesh and M. C. Joshi},
    title={Numerical Solvablity of Hammerstein Integral Equation of Mixed Type},
    journal={IMA J. Numer. Anal.},
    volume={11},
    number={1},
    pages={21-31},
    year={1991},
    }
@article{Hitermuller2008,
    author={M. Hinterm\ddot{u}ller and F. Tr\ddot{o}ltzsch and I. Yousept},
    title={Mesh-Independence of Semismooth {Newton} Methods for {Lavrentiev-Regularized}
        State Constrained Nonlinear Optimal Control Problems},
    journal={Numer. Math.},
    volume={108},
    number={4},
    pages={571-603},
    year={2008},
    }
@article{Jarlebring2011,
    author={E. Jarlebring},
    title={Convergence factors of {Newton} Methods for Nonlinear Eigenvalue Problems},
    journal={Linear Algebra Appl.},
    volume={},
    number={},
    pages={},
    year={2011},
    note={(to appear), doi:10.1016/j.laa.2010.08.045}
    }
@article{Jay2001,
    author={L. O. Jay},
    title={A Note on {Q}-Order of Convergence},
    journal={BIT Numer. Math.},
    volume={41},
    number={2},
    pages={422-429},
    year={2001},
    }
@article{Jin2011,
    author={Q. Jin and U. Tautenhahn},
    title={Inexact {Newton} Regularization Methods in {Hilbert} Scales},
    journal={Numer. Math.},
    volume={117},
    number={3},
    pages={555-579},
    year={2011},
    }
@article{Mclennan2005,
    author={A. Mclennan},
    title={The Expected Number of {Nash} Equilibria of a Normal Form Game},
    journal={Econometrica},
    volume={73},
    number={1},
    pages={141-174},
    year={2005},
    }
@article{Potra1989,
    author={F. A. Potra},
    title={On {Q}-Order and {R}-Order of Convergence},
    journal={J. Optim. Theory Appl.},
    volume={63},
    number={3},
    pages={415-431},
    year={1989},
    }
@article{Potzsche2009,
    author={C. P\ddot{O}tzsche and M. Rasmussen},
    title={Computation of Nonautonomous Invariant and Inertial Manifolds},
    journal={Numer. Math.},
    volume={112},
    number={3},
    pages={449-483},
    year={2009},
    }


%========================= Unclassified =====================================================


@article{BadawyVleck2012,
    author={M. Badawy and E. V. Vleck},
    title={Perturbation theory for the approximation of stability spectra
    by {QR} methods for sequences of linear operators on a {Hilbert} space},
    journal={Linear Algebra Appl.},
    volume={437},
    number={},
    pages={37-59},
    year={2012},
    }
@article{BredaVleck2014,
    author={D. Breda and E. V. Vleck},
    title={Approximating {Lyapunov} exponents and {Sacker-Sell}
        spectrum for retarded functional differential equations},
    journal={Numer. Math.},
    volume={126},
    number={},
    pages={225-257},
    year={2014},
    }
@article{SzyldXue2013,
    author={D. B. Szyld and F. Xue},
    title={Local convergence analysis of several inexact {Newton}-type
    algorithms for general nonlinear eigenvalue problems},
    journal={Numer. Math.},
    volume={123},
    number={},
    pages={333-362},
    year={2013},
    }
@article{SzyldXue2014,
    author={D. B. Szyld and F. Xue},
    title={Several properties of invariant pairs of nonlinear algebraic eigenvalue problems},
    journal={IMA J. Numer. Anal.},
    volume={},
    number={},
    pages={},
    year={2013},
    note={(to appear)\\ doi:10.1093/imanum/drt026}
    }
@article{Vleck2010,
    author={E. V. Vleck},
    title={On the error in the product {QR} decomposition},
    journal={SIAM J. Matrix Anal. Appl.},
    volume={31},
    number={4},
    pages={1775-1791},
    year={2010},
    }


%======================================================================================
%========================= books ======================================================
%======================================================================================

@book{AllgowerGeorg2003,
    author={E. L. Allgower and K. Georg},
    title={{Introduction to Numerical Continuation Methods}},
    publisher={SIAM},
    address={Philadelphia},
    year={2003},
    }
@book{BlumCuckerShubSmale1998,
    author={L. Blum and F. Cucker and M. Shub and S. Smale},
    title={{Complexity and Real Computation}},
    publisher={Springer-Verlag},
    address={New York},
    year={1998},
    }
@book{ChuGolub2005,
    author={M. T. Chu and G. H. Golub},
    title={{Inverse Eigenvalue Problems: Theory, Algorithm and Application}},
    publisher={Oxford University Press},
    address={New York},
    year={2005},
    }
@book{Clarke1983,
    author={F. H. Clarke},
    title={{Optimization and Nonsmooth Analysis}},
    publisher={John Wiley},
    address={New York},
    year={1983},
    note={(reprinted by SIAM, Philadelphia, 1990)}
    }
@book{Conway1990,
    author={J. B. Conway},
    title={{A Course in Functional Analysis, Second Edition}},
    publisher={Springer-Verlag},
    address={New York},
    year={1990},
    }
@book{Dennis1996,
    author={J. E. Dennis and R. B. Schnabel},
    title={{Numerical Methods for Unconstrained Optimization and Nonlinear Equations,
        Second Edition}},
    publisher={SIAM},
    address={Philadelphia},
    year={1996},
    }
@book{Deuflhard2004,
    author={P. Deuflhard},
    title={{{Newton} Methods for Nonlinear Problems: Affine Invariance and Adaptive
        Algorithms}},
    publisher={Springer-Verlag},
    address={Berlin Heidelberg},
    year={2004},
    }
@book{Golub1996,
    author={Gene H. Golub and Charles F. Van Loan},
    title={{Matrix Computations, Third Edition}},
    publisher={The Johns Hopkins University Press},
    address={Baltimore and London},
    year={1996},
    }
@book{Higham2008,
    author={N. J. Higham},
    title={Functions of Matrices: Theory and Computation},
    publisher={SIAM},
    address={Philadelphia},
    year={2008},
    }
@book{HornJohnson1991,
    author={Roger A. Horn and Charles R. Johnson},
    title={Topics in Matrix Analysis},
    publisher={Cambridge Unversity Press},
    address={New York},
    year={1991},
    }
@book{Kantorvich1982,
    author={L. V. Kantorvich and G. P. Akilov},
    title={{Functional Analysis}},
    publisher={Pergamon Press},
    address={Oxford},
    year={1982},
    }
@book{Kelley1995,
    author={C. T. Kelley},
    title={{Iterative Methods for Linear and Nonlinear Equations}},
    publisher={SIAM},
    address={Philadelphia},
    year={1995},
    }
@book{Kelley2003,
    author={C. T. Kelley},
    title={{Solving Nonlinear Equations with {Newton's} Method}},
    publisher={SIAM},
    address={Philadelphia},
    year={2003},
    }
@book{Ortega1970,
    author={J. M. Ortega and W. C. Rheinboldt},
    title={{Iterative Solution of Nonlinear Equations in Several Variables}},
    publisher={Academic Press},
    address={New York},
    year={1970},
    }
@book{Rheinboldt1998,
    author={W. C. Rheinboldt},
    title={{Methods for Solving Systems of Nonlinear Equations, Second Edition}},
    publisher={SIAM},
    address={Philadelphia},
    year={1998},
    }
@book{Traub1982,
    author={J. F. Traub},
    title={{Iterative Methods for the Solution of Equations, Second Edition}},
    publisher={American Mathematical Soc.},
    address={New York},
    year={1982},
    }
@book{WangWeiQiao2004,
    author={G. Wang and Y. Wei and S. Qiao},
    title={{Generalized Inverses: Theory and Computations}},
    publisher={Science Press},
    address={Beijing},
    year={2004},
    }
@book{Wilkinson1965,
    author={J. H. Wilkinson},
    title={{The Algebraic Eigenvalue Problem}},
    publisher={Clarendon Press},
    address={Oxford},
    year={1965},
    }



%======================================================================================
%========================= Conference =================================================
%======================================================================================

@Conference{BurgisserCucker2010,
  author =       {P. B\ddot{u}rgisser and F. Cucker},
  title =        {Solving polynomial equations in smoothed polynomial time and a
    near solution to {Smale}'s 17th problem},
  booktitle =    {Proceedings of the 42nd ACM symposium on Theory of computing},
  year =         {2010},
  pages  =       {503-512},
  publisher =    {ACM, New York},
}
@Conference{Dedieu2001,
  author =       {J. P. Dedieu},
  title =        {{Newton's} Method and Some Complexity Aspects of the Zero Finding
    Problem},
  booktitle =    {Foundations of Computational Mathematics (Oxford 1999), London Math.
    Soc. Lecture Note Ser. 284},
  year =         {2001},
  pages  =       {45-67},
  publisher =    {Univ. Press, Cambridge},
}
@Conference{Smale1986,
  author =       {S. Smale},
  title =        {{Newton's} Method Estimates from Data at One Point},
  booktitle =    {The Merging of Disciplines: New Directions in Pure, Applied and
    Computational Mathematics},
  year =         {1986},
  editor =       {R. Ewing and K. Gross and C. Martin},
  pages  =       {185-196},
  publisher =    {Springer-Verlag, New York},
}
@Conference{ShubSmale1993b,
  author =       {M. Shub and S. Smale},
  title =        {Complexity of {B\'{e}zout's} Theorem II: Volumes and Probabilities},
  booktitle =    {Computational Algebraic Geometry, Progress in Mathematics},
  volume =       {109}
  year =         {1993},
  editor =       {F. Eyssette and A. Galligo},
  pages  =       {267-285},
  publisher =    {Birkh\"{a}iser},
}
@article{Smale1998,
    author={S. Smale},
    title={Mathematical Problems for the Next Century},
    journal={Math. Intell.},
    volume={20},
    number={2},
    pages={7-15},
    year={1998}
    }
@Conference{Wang1993,
  author =       {X. Wang},
  title =        {Some Results Relevant to {Smale}'s Reports},
  booktitle =    {From Topology to Computation: Proceedings of the Smalefest},
  year =         {1993},
  editor =       {M. W. Hirsch and J. E. Marsden and M. Shub},
  pages  =       {456-465},
  publisher =    {Springer-Verlag, New York},
}


%======================================================================================
%========================= Thesis =====================================================
%======================================================================================

@Phdthesis{Hohmann1994,
  Author =       {A. Hohmann},
  Title =        {Inexact {Gauss} {Newton} Methods for Parameter Dependent Nonlinear Problems},
  School =       {Freie Universit\"{a}t Berlin},
  Year =         {1994},
  type =         {PhDthesis},
}
